%% This BibTeX bibliography file was created using BibDesk.
%% http://bibdesk.sourceforge.net/


%% Created for Marek DÅ‚ugosz at 2019-08-18 20:43:48 +0200 


%% Saved with string encoding Unicode (UTF-8) 



@misc{Wiki19_CC,
	Date-Added = {2019-08-18 20:43:26 +0200},
	Date-Modified = {2019-08-18 20:43:48 +0200},
	Howpublished = {\url{https://pl.wikipedia.org/wiki/Tempomat}},
	Title = {Wikipedia: \emph{Tempomat}},
	Year = {2019}}

@misc{Wiki19_ACC,
	Date-Added = {2019-08-18 20:42:54 +0200},
	Date-Modified = {2019-08-18 20:43:20 +0200},
	Howpublished = {\url{https://pl.wikipedia.org/wiki/Adaptive\_Cruise\_Control}},
	Title = {Wikipedia: \emph{Adaptive Cruise Control}},
	Year = {2019}}

@inproceedings{pSKmDL17,
	Author = {Skruch, Pawe{\l} and D{\l}ugosz, Marek and Mitkowski, Wojciech},
	Booktitle = {Polish Control Conference},
	Date-Added = {2019-08-18 20:42:26 +0200},
	Date-Modified = {2019-08-18 20:42:37 +0200},
	Organization = {Springer},
	Pages = {168--177},
	Title = {Stability Analysis of a Series of Cars Driving in Adaptive Cruise Control Mode},
	Year = {2017}}

@techreport{wPRtSA00,
	Author = {Prestl, Willibald and Sauer, Thomas and Steinle, Joachim and Tschernoster, Oliver},
	Date-Added = {2019-08-18 20:41:44 +0200},
	Date-Modified = {2019-08-18 20:41:54 +0200},
	Institution = {SAE Technical paper},
	Title = {The BMW active cruise control ACC},
	Year = {2000}}

@book{jBE01,
	Author = {Bengtsson, Johan},
	Date-Added = {2019-08-18 20:40:46 +0200},
	Date-Modified = {2019-08-18 20:41:06 +0200},
	Publisher = {Department of Automatic Control, Lund Institute of Technology},
	Title = {Adaptive cruise control and driver modeling},
	Year = {2001}}

@misc{ISO14229_3,
	Date-Added = {2019-08-18 20:39:23 +0200},
	Date-Modified = {2019-08-18 20:39:43 +0200},
	Howpublished = {\url{http://www.iso.org}},
	Title = {International Organization for Standardization: International Standard ISO 14229-3: Road vehicles -- Unified diagnostic services (UDS) -- Part 3: Unified diagnostic services on CAN implementation (UDSonCAN)},
	Year = {2012}}

@misc{ISO15765_2,
	Date-Added = {2019-08-18 20:38:50 +0200},
	Date-Modified = {2019-08-18 20:39:09 +0200},
	Howpublished = {\url{http://www.iso.org}},
	Title = {International Organization for Standardization: International Standard ISO 15765-2: Road vehicles -- Diagnostic communication over Controller Area Network (DoCAN) -- Part 2: Transport protocol and network layer services.},
	Year = {2019}}

@misc{Vector_DBC,
	Date-Added = {2019-08-18 20:38:06 +0200},
	Date-Modified = {2019-08-18 20:38:25 +0200},
	Howpublished = {\url{https://www.vector.com/int/en}},
	Title = {Vector Informatik GmbH: \emph{DBC file format documentation}},
	Year = {2007}}

@misc{SL_DBC,
	Date-Added = {2019-08-18 20:37:33 +0200},
	Date-Modified = {2019-08-18 20:37:57 +0200},
	Howpublished = {\url{http://socialledge.com/sjsu/index.php/DBC_Format}},
	Title = {Social Edge: \emph{DBC format}},
	Year = {2017}}

@misc{MathWorks19_VNT,
	Date-Added = {2019-08-18 20:36:14 +0200},
	Date-Modified = {2019-08-18 20:36:48 +0200},
	Howpublished = {\url{https://ch.mathworks.com/products/vehicle-network.html}},
	Title = {The MathWorks, Inc.: \emph{Vehicle network toolbox}},
	Year = {2019}}

@misc{XORG19,
	Date-Added = {2019-08-18 20:15:02 +0200},
	Date-Modified = {2019-08-18 20:22:59 +0200},
	Howpublished = {\url{https://x-engineer.org/projects/anti-lock-braking-system-abs-modeling-simulation-xcos}},
	Title = {Anti-lock braking system (ABS) modeling and simulation (Xcos)},
	Url = {https://x-engineer.org/projects/anti-lock-braking-system-abs-modeling-simulation-xcos},
	Urldate = {https://x-engineer.org/projects/anti-lock-braking-system-abs-modeling-simulation-xcos},
	Year = {2019}}

@inproceedings{kKOkKO17,
	Author = {Kogut, Krzysztof and Ko{\l}ek, Krzysztof and Ros{\'o}{\l}, Maciej and Turnau, Andrzej},
	Booktitle = {Polish Control Conference},
	Date-Added = {2019-08-18 20:14:31 +0200},
	Date-Modified = {2019-08-18 20:14:48 +0200},
	Organization = {Springer},
	Pages = {190--199},
	Title = {A new current based slip controller for ABS},
	Year = {2017}}

@book{mDLkOP16,
	Author = {Marek D{\l}ugosz and Krzysztof Oprz{\k e}dkiewicz and Pawe{\l} Skruch and Micha{\l} Ganobis and Jerzy Baranowski and Krzyszof Ko{\l}ek},
	Date-Added = {2019-08-18 20:11:59 +0200},
	Date-Modified = {2019-08-18 20:13:20 +0200},
	Publisher = {Wydawnictwa AGH},
	Title = {Metody sterowania system{\'o}w dynamicznych},
	Year = {2016}}

@manual{MathWorks19,
	Date-Added = {2019-08-18 20:09:56 +0200},
	Date-Modified = {2019-08-18 20:10:44 +0200},
	Title = {The MathWorks, Inc.: Documentation},
	Year = {2019}}

@article{jGAjWA05,
	Author = {J. Gardulski and J. Warczek},
	Date-Added = {2019-08-18 20:09:15 +0200},
	Date-Modified = {2019-08-18 20:09:47 +0200},
	Journal = {Transport Problems},
	Pages = {145--150},
	Title = {Badania symulacyjne uk{\l}adu mechanicznego z aktywnym t{\l}umieniem drga{\'n}},
	Volume = {T. 1, z. 1},
	Year = {2006}}

@phdthesis{jZA09,
	Address = {Fraunhofer IRB Verlag},
	Author = {Zander-Nowicka, J},
	Date-Added = {2019-08-18 17:19:16 +0200},
	Date-Modified = {2019-08-18 17:20:03 +0200},
	School = {Technical University Berlin},
	Title = {Model-based testing of real-time embedded systems in the automotive domain},
	Year = {2009}}

@book{mUTBLE06,
	Author = {Mark Utting, Bruno Legeard},
	Date-Added = {2019-08-18 17:18:10 +0200},
	Date-Modified = {2019-08-18 17:18:59 +0200},
	Publisher = {Morgan Kaufmann},
	Title = {Practical model-based testing: a tools approach},
	Year = {2006}}

@book{IEEE829,
	Date-Added = {2019-08-18 17:14:57 +0200},
	Date-Modified = {2019-08-18 17:15:55 +0200},
	Publisher = {Software \& Systems Engineering Standard Committee of the IEEE Computer Society},
	Title = {IEEE Std 829-2008: IEEE Standard for Software and System Test Documentation},
	Url = {https://books.google.pl/books?id=egaVAQAACAAJ},
	Year = {2008},
	Bdsk-Url-1 = {https://books.google.pl/books?id=egaVAQAACAAJ}}

@book{wMI91,
	Author = {Wojciech Mitkowski},
	Date-Added = {2019-08-18 17:13:24 +0200},
	Date-Modified = {2019-08-18 17:13:43 +0200},
	Publisher = {WNT},
	Title = {Stabilizacja system{\'o}w dynamicznych},
	Year = {1991}}

@book{gMY79,
	Author = {Myers, G.J.},
	Date-Added = {2019-08-18 17:12:25 +0200},
	Date-Modified = {2019-08-18 17:13:13 +0200},
	Publisher = {John Willey \& Sons},
	Title = {The art of software testing},
	Year = {1979},
	Bdsk-Url-1 = {https://books.google.pl/books?id=Y2n%5C_6Yd8hJkC}}

@book{kOG74,
	Author = {Katsuhiko Ogata},
	Date-Added = {2019-08-18 17:10:16 +0200},
	Date-Modified = {2019-08-18 17:11:18 +0200},
	Publisher = {WNT},
	Title = {Metody przestrzeni stan{\'o}w w teorii sterowania},
	Year = {1974}}

@book{cKAsPA13,
	Author = {Kaner, C. and Padmanabhan, S. and Hoffman, D.},
	Date-Added = {2019-08-18 17:09:41 +0200},
	Date-Modified = {2019-08-18 17:10:04 +0200},
	Isbn = {9780989811903},
	Lccn = {2013947216},
	Publisher = {Context-Driven Press},
	Title = {The Domain Testing Workbook},
	Url = {https://books.google.pl/books?id=RVR\_ngEACAAJ},
	Year = {2013},
	Bdsk-Url-1 = {https://books.google.pl/books?id=RVR%5C_ngEACAAJ}}

@book{pJO14,
	Address = {Boca Raton, FL, USA},
	Author = {Paul C. Jorgensen},
	Date-Added = {2019-08-18 17:07:40 +0200},
	Date-Modified = {2019-08-18 17:08:52 +0200},
	Publisher = {CRC Press},
	Title = {Software testing, a craftsman's approach. Fourth edition},
	Year = {2014}}

@url{ISTQB18,
	Date-Added = {2019-08-18 17:06:45 +0200},
	Date-Modified = {2019-08-18 17:07:15 +0200},
	Title = {Certified tester foundation level syllabus},
	Urldate = {https://www.istqb.org/downloads/send/51-ctfl2018/208-ctfl-2018-syllabus.html}}

@book{bBE95,
	Author = {Boris Beizer},
	Date-Added = {2019-08-18 17:05:50 +0200},
	Date-Modified = {2019-08-18 17:06:20 +0200},
	Publisher = {John Willey \& Sons},
	Title = {Black-box testing: techniques for functional testing of software and systems},
	Year = {1995}}

@book{bBE90,
	Author = {Boris Beizer},
	Date-Added = {2019-08-18 17:03:43 +0200},
	Date-Modified = {2019-08-18 17:05:34 +0200},
	Publisher = {Van Nostrand Reinhold},
	Title = {Software testing techniques. Second edition},
	Year = {1990}}

@article{mehta1998nonlinear,
	Author = {Mehta, Samir and Chiasson, John},
	Date-Added = {2019-08-18 17:02:01 +0200},
	Date-Modified = {2019-08-18 17:02:01 +0200},
	Journal = {IEEE Transactions on industrial electronics},
	Number = {1},
	Pages = {134--141},
	Publisher = {IEEE},
	Title = {Nonlinear control of a series DC motor: theory and experiment},
	Volume = {45},
	Year = {1998}}

@book{dlugosz2012problemy,
	Author = {D{\l}ugosz, Marek},
	Date-Added = {2019-08-18 17:02:01 +0200},
	Date-Modified = {2019-08-18 17:02:01 +0200},
	Publisher = {Wydawnictwa AGH},
	Title = {Problemy optymalizacji uk{\l}ad{\'o}w nap{\k{e}}dowych w automatyce i robotyce},
	Year = {2012}}

@inproceedings{chan1999past,
	Author = {Chan, CC},
	Booktitle = {Proceedings of the IEEE 1999 International Conference on Power Electronics and Drive Systems. PEDS'99 (Cat. No. 99TH8475)},
	Date-Added = {2019-08-18 17:02:01 +0200},
	Date-Modified = {2019-08-18 17:02:01 +0200},
	Organization = {IEEE},
	Pages = {11--13},
	Title = {The past, present and future of electric vehicle development},
	Volume = {1},
	Year = {1999}}

@book{soylu2010urban,
	Author = {Soylu, Seref},
	Date-Added = {2019-08-18 17:02:01 +0200},
	Date-Modified = {2019-08-18 17:02:01 +0200},
	Publisher = {Sciyo Croatia},
	Title = {Urban Transport and Hybrid Vehicles},
	Year = {2010}}

@book{rajamani2011vehicle,
	Author = {Rajamani, Rajesh},
	Date-Added = {2019-08-18 17:02:01 +0200},
	Date-Modified = {2019-08-18 17:02:01 +0200},
	Publisher = {Springer Science \& Business Media},
	Title = {Vehicle dynamics and control},
	Year = {2011}}

@techreport{mologni2014challenges,
	Author = {Mologni, Juliano F and Nunes, Anderson S and Siqueira, Cesareo LR and Figueiredo, Diogo L and Ribas, Jefferson C and Junior, Arismar CS and Alves, Marco AR},
	Date-Added = {2019-08-18 17:01:23 +0200},
	Date-Modified = {2019-08-18 17:01:23 +0200},
	Institution = {SAE Technical Paper},
	Title = {Challenges on the design of automotive radar systems and V2V technology},
	Year = {2014}}

@misc{GmBH:2007qz,
	Author = {Vector Informatik GmBH},
	Date-Added = {2019-08-18 17:01:23 +0200},
	Date-Modified = {2019-08-18 17:01:23 +0200},
	Howpublished = {\url{https://www.vector.com/int/en/}},
	Title = {\textit{DBC file format documentation}},
	Year = {2007}}

@misc{Edge:2017kc,
	Author = {Social Edge},
	Date-Added = {2019-08-18 17:01:23 +0200},
	Date-Modified = {2019-08-18 17:01:23 +0200},
	Howpublished = {\url{http://socialledge.com/sjsu/index.php/DBC_Format}},
	Title = {\textit{DBC format}},
	Year = {2017}}

@techreport{okamura2002development,
	Author = {Okamura, Shigekazu and Kodama, Katsuhisa and Matsuoka, Katsuji and Akasu, Masahira},
	Date-Added = {2019-08-18 17:01:23 +0200},
	Date-Modified = {2019-08-18 17:01:23 +0200},
	Institution = {SAE Technical Paper},
	Title = {Development of Short Range Radar for Automotive Applications},
	Year = {2002}}

@misc{Matlab:2019hf,
	Date-Added = {2019-08-18 17:01:23 +0200},
	Date-Modified = {2019-08-18 17:01:23 +0200},
	Howpublished = {\url{http://www.matworks.com/help}},
	Title = {\textit{Documentation}},
	Year = {2019}}

@article{aizawa2011investigation,
	Author = {Aizawa, Ichiro and Suzuki, Koji and Tanaka, Isahiko and Minami, Yoshiaki},
	Date-Added = {2019-08-18 17:01:23 +0200},
	Date-Modified = {2019-08-18 17:01:23 +0200},
	Journal = {SAE International Journal of Passenger Cars-Electronic and Electrical Systems},
	Number = {2011-01-0440},
	Pages = {97--104},
	Title = {Investigation to Recognize Target Width using Millimeter Wave Radar},
	Volume = {4},
	Year = {2011}}

@techreport{buller2015measurements,
	Author = {Buller, William and Sherony, Rini and Wilson, Brian and Wienert, Michelle},
	Date-Added = {2019-08-18 17:01:23 +0200},
	Date-Modified = {2019-08-18 17:01:23 +0200},
	Institution = {SAE Technical Paper},
	Title = {Measurements of deer with RADAR and LIDAR for active safety systems},
	Year = {2015}}

@misc{MatlabVeh:hb,
	Author = {The MathWorks, Inc.},
	Date-Added = {2019-08-18 17:01:23 +0200},
	Date-Modified = {2019-08-18 17:01:23 +0200},
	Howpublished = {\url{https://ch.mathworks.com/products/vehicle-network.html}},
	Organization = {The MathWorks, Inc.},
	Title = {\textit{Vehicle network toolbox}},
	Url = {\url{https://ch.mathworks.com/products/vehicle-network.html}},
	Urldate = {2019},
	Year = {2019},
	Bdsk-Url-1 = {https://ch.mathworks.com/products/vehicle-network.html}}

@manual{canoe-vector-manual,
	Date-Added = {2019-08-18 17:00:42 +0200},
	Date-Modified = {2019-08-18 17:00:42 +0200},
	Organization = {VECTOR},
	Title = {CANoe Instalation \& Quick Start Guide}}

@article{rishvanth2011design,
	Author = {Rishvanth, D and Ganesan, K},
	Date-Added = {2019-08-18 17:00:42 +0200},
	Date-Modified = {2019-08-18 17:00:42 +0200},
	Journal = {American Journal of Signal Processing},
	Number = {2},
	Pages = {40--45},
	Title = {Design of an In-Vehicle Network (Using LIN CAN and FlexRay) Gateway and its Diagnostics Using Vector CANoe},
	Volume = {1},
	Year = {2011}}

@article{ep:2000can1,
	Date-Added = {2019-08-18 17:00:42 +0200},
	Date-Modified = {2019-08-18 17:00:42 +0200},
	Journal = {Elektronika Praktyczna},
	Title = {Magistrala CAN, cz{\k e}{\'s}{\'c} 1},
	Volume = {1},
	Year = {2000}}

@article{:2000can2,
	Date-Added = {2019-08-18 17:00:42 +0200},
	Date-Modified = {2019-08-18 17:00:42 +0200},
	Journal = {Elektronika Praktyczna},
	Title = {Magistrala CAN, cz{\k e}{\'s}{\'c} 2},
	Volume = {2},
	Year = {2000}}

@article{:2000can3,
	Date-Added = {2019-08-18 17:00:42 +0200},
	Date-Modified = {2019-08-18 17:00:42 +0200},
	Journal = {Elektronika Praktyczna},
	Title = {Magistrala CAN, cz{\k e}{\'s}{\'c} 3},
	Volume = {3},
	Year = {2000}}

@article{:2000can4,
	Date-Added = {2019-08-18 17:00:42 +0200},
	Date-Modified = {2019-08-18 17:00:42 +0200},
	Journal = {Elektronika Praktyczna},
	Title = {Magistrala CAN, cz{\k e}{\'s}{\'c} 4},
	Volume = {4},
	Year = {2000}}

@article{:2000can5,
	Date-Added = {2019-08-18 17:00:42 +0200},
	Date-Modified = {2019-08-18 17:00:42 +0200},
	Journal = {Elektronika Praktyczna},
	Title = {Magistrala CAN, cz{\k e}{\'s}{\'c} 5},
	Volume = {5},
	Year = {2000}}

@article{Mol:2000bh,
	Author = {Pawe{\l} Mol},
	Date-Added = {2019-08-18 17:00:42 +0200},
	Date-Modified = {2019-08-18 17:00:42 +0200},
	Journal = {Elektronika Praktyczna},
	Number = {84--88},
	Title = {Sieci CAN, cz{\k e}{\'s}{\'c} 1},
	Volume = {7},
	Year = {2005}}

@article{Mol:2000bh2,
	Author = {Pawe{\l} Mol},
	Date-Added = {2019-08-18 17:00:42 +0200},
	Date-Modified = {2019-08-18 17:00:42 +0200},
	Journal = {Elektronika Praktyczna},
	Number = {84--90},
	Title = {Sieci CAN, cz{\k e}{\'s}{\'c} 2},
	Volume = {8},
	Year = {2005}}

@article{Mol:2000bh3,
	Author = {Pawe{\l} Mol},
	Date-Added = {2019-08-18 17:00:42 +0200},
	Date-Modified = {2019-08-18 17:00:42 +0200},
	Journal = {Elektronika Praktyczna},
	Number = {92--94},
	Title = {Sieci CAN, cz{\k e}{\'s}{\'c} 3},
	Volume = {9},
	Year = {2005}}

@article{ljung2013some,
	Author = {Ljung, Lennart},
	Date-Added = {2019-08-18 17:00:17 +0200},
	Date-Modified = {2019-08-18 17:00:17 +0200},
	Journal = {Journal of Control, Automation and Electrical Systems},
	Number = {1-2},
	Pages = {3--10},
	Publisher = {Springer},
	Title = {Some classical and some new ideas for identification of linear systems},
	Volume = {24},
	Year = {2013}}

@book{mitkowski1991stabilizacja,
	Author = {Mitkowski, W},
	Date-Added = {2019-08-18 17:00:17 +0200},
	Date-Modified = {2019-08-18 17:00:17 +0200},
	Publisher = {WNT},
	Title = {Stabilizacja system{\'o}w dynamicznych},
	Year = {1991}}

@misc{Jung:2018hi,
	Author = {Lenart Jung},
	Date-Added = {2019-08-18 17:00:17 +0200},
	Date-Modified = {2019-08-18 17:00:17 +0200},
	Howpublished = {\url{https://www.mathworks.com/help/ident/index.html}},
	Title = {System Identyfication Toolbox User's Guide},
	Year = {2018}}

@book{soderstrom1997identyfikacja,
	Author = {S{\"o}derstr{\"o}m, Torsten D and Stoica, Petre Gheorghe},
	Date-Added = {2019-08-18 17:00:03 +0200},
	Date-Modified = {2019-08-18 17:00:03 +0200},
	Publisher = {Wydawnictwo Naukowe PWN},
	Title = {Identyfikacja system{\'o}w},
	Year = {1997}}

@book{manczak1983komputerowa,
	Author = {Ma{\'n}czak, Kazimierz and Nahorski, Zbigniew},
	Date-Added = {2019-08-18 16:59:48 +0200},
	Date-Modified = {2019-08-18 16:59:48 +0200},
	Publisher = {Pa{\'n}stwowe Wydawnictwo Naukowe},
	Title = {Komputerowa identyfikacja obiekt{\'o}w dynamicznych},
	Year = {1983}}

@book{astrom2010feedback,
	Author = {Astr{\"o}m, Karl Johan and Murray, Richard M},
	Date-Added = {2019-02-15 21:50:19 +0100},
	Date-Modified = {2019-02-15 21:50:19 +0100},
	Publisher = {Princeton university press},
	Title = {Feedback systems: an introduction for scientists and engineers},
	Year = {2010}}

@inproceedings{polack2017kinematic,
	Author = {Polack, Philip and Altch{\'e}, Florent and d'Andr{\'e}a-Novel, Brigitte and de La Fortelle, Arnaud},
	Booktitle = {Intelligent Vehicles Symposium (IV), 2017 IEEE},
	Date-Added = {2019-02-15 13:34:41 +0100},
	Date-Modified = {2019-02-15 13:34:41 +0100},
	Organization = {IEEE},
	Pages = {812--818},
	Title = {The kinematic bicycle model: A consistent model for planning feasible trajectories for autonomous vehicles?},
	Year = {2017}}

@book{corke2017robotics,
	Author = {Corke, Peter},
	Date-Added = {2019-02-15 13:34:18 +0100},
	Date-Modified = {2019-02-15 13:34:18 +0100},
	Publisher = {Springer},
	Title = {Robotics, Vision and Control: Fundamental Algorithms In MATLAB{\textregistered} Second, Completely Revised},
	Volume = {118},
	Year = {2017}}

@inproceedings{kong2015kinematic,
	Author = {Kong, Jason and Pfeiffer, Mark and Schildbach, Georg and Borrelli, Francesco},
	Booktitle = {Intelligent Vehicles Symposium},
	Date-Added = {2019-02-14 08:47:55 +0100},
	Date-Modified = {2019-02-14 08:47:55 +0100},
	Pages = {1094--1099},
	Title = {Kinematic and dynamic vehicle models for autonomous driving control design.},
	Year = {2015}}
